% Example bibtex file: Kyle Davis: Ohio State University
%
%%! Bibtex Citation formatting:
%  @type{callLabel,
%    title={Title of article, book, etc.},
%    author={Last, First},
%    year={2017},
%    publisher={the distinguished source}
%  } % Close
% There are plenty of more options for specifying these;
%
% This seems to be a popular guide for more info on customizing this:
% https://www.economics.utoronto.ca/osborne/latex/BIBTEX.HTM
%-------------------------------Begin Citations------------------------------------------------

@book{cary1967influence,
  title={The influence of war on Walter Lippmann, 1914-1944},
  author={Cary, Francine},
  year={1967},
  publisher={State Historical Society of Wisconsin for the Dept. of History, University of Wisconsin}
}

%-------------------------------End Citations--------------------------------------------------

% Consider adding notes next to these cites:: Contribution, Data, Method, Theory, Quotes.
%
% These citations can be easily grabbed from Google Scholar:: article cite --> bibtex (located on bottom of cite page)
% Consider making these default pasted-in cites more organized, and adding more details.


